% SVM
@article{cortes1995support,
  title={Support-Vector Networks},
  author={Cortes, Corinna and Vapnik, Vladimir},
  journal={Machine learning},
  volume={20},
  number={3},
  pages={273--297},
  year={1995},
  publisher={Springer}
}

% Word2Vec
@inproceedings{mikolov2013distributed,
  title={Distributed Representations of Words and Phrases and their Compositionality},
  author={Mikolov, Tomas and Sutskever, Ilya and Chen, Kai and Corrado, Greg S and Dean, Jeff},
  booktitle={Advances in neural information processing systems},
  pages={3111--3119},
  year={2013}
}

% TextCNN
@inproceedings{kim2014convolutional,
  title={Convolutional Neural Networks for Sentence Classification},
  author={Kim, Yoon},
  booktitle={Proceedings of the 2014 Conference on Empirical Methods in Natural Language Processing (EMNLP)},
  pages={1746--1751},
  year={2014}
}

% RNN
@inproceedings{chung2014empirical,
  title={Empirical Evaluation of Gated Recurrent Neural Networks on Sequence Modeling},
  author={Chung, Junyoung and Gulcehre, Caglar and Cho, Kyunghyun and Bengio, Yoshua},
  booktitle={NIPS 2014 Workshop on Deep Learning, December 2014},
  year={2014}
}

% GloVe
@inproceedings{pennington2014glove,
  title={{GloVe:} Global Vectors for Word Representation},
  author={Pennington, Jeffrey and Socher, Richard and Manning, Christopher D},
  booktitle={Proceedings of the 2014 conference on empirical methods in natural language processing (EMNLP)},
  pages={1532--1543},
  year={2014}
}

% EDA
@inproceedings{wei2019eda,
  title={{EDA:} Easy Data Augmentation Techniques for Boosting Performance on Text Classification Tasks},
  author={Wei, Jason and Zou, Kai},
  booktitle={Proceedings of the 2019 Conference on Empirical Methods in Natural Language Processing and the 9th International Joint Conference on Natural Language Processing (EMNLP-IJCNLP)},
  pages={6382--6388},
  year={2019}
}

% MixUp
@inproceedings{zhang2018mixup,
  title={mixup: Beyond Empirical Risk Minimization},
  author={Zhang, Hongyi and Cisse, Moustapha and Dauphin, Yann N and Lopez-Paz, David},
  booktitle={International Conference on Learning Representations},
  year={2018}
}

% AMP
@inproceedings{zheng2021regularizing,
  title={Regularizing Neural Networks via Adversarial Model Perturbation},
  author={Zheng, Yaowei and Zhang, Richong and Mao, Yongyi},
  booktitle={Proceedings of the IEEE/CVF Conference on Computer Vision and Pattern Recognition},
  pages={8156--8165},
  year={2021}
}

% Adam
@inproceedings{kingma2014adam,
  title={Adam: A method for stochastic optimization},
  author={Kingma, Diederik P and Ba, Jimmy},
  booktitle={International Conference on Learning Representations},
  year={2015}
}

% LDA
@article{blei2003latent,
  title={Latent Dirichlet Allocation},
  author={Blei, David M and Ng, Andrew Y and Jordan, Michael I},
  journal={the Journal of machine Learning research},
  volume={3},
  pages={993--1022},
  year={2003},
  publisher={JMLR. org}
}

% Image augmentation
@inproceedings{krizhevsky2012imagenet,
  title={ImageNet Classification with Deep Convolutional Neural Networks},
  author={Krizhevsky, Alex and Sutskever, Ilya and Hinton, Geoffrey E},
  booktitle={Advances in Neural Information Processing Systems},
  pages={1097--1105},
  year={2012}
}

% Adversarial Training
@inproceedings{goodfellow2015explaining,
  title={Explaining and Harnessing Adversarial Examples},
  author={Ian J. Goodfellow and Jonathon Shlens and Christian Szegedy},
  booktitle={3rd International Conference on Learning Representations, {ICLR}},
  year={2015}
}

% Flooding
@inproceedings{ishida2020we,
  title={Do We Need Zero Training Loss After Achieving Zero Training Error?},
  author={Ishida, Takashi and Yamane, Ikko and Sakai, Tomoya and Niu, Gang and Sugiyama, Masashi},
  booktitle={Proceedings of the 37th International Conference on Machine Learning, {ICML}},
  year={2020}
}

% Layer normalization
@article{ba2016layer,
  title={Layer Normalization},
  author={Ba, Jimmy Lei and Kiros, Jamie Ryan and Hinton, Geoffrey E},
  journal={arXiv preprint arXiv:1607.06450},
  year={2016}
}

% Dropout
@article{srivastava2014dropout,
  title={Dropout: A Simple Way to Prevent Neural Networks from Overfitting},
  author={Srivastava, Nitish and Hinton, Geoffrey and Krizhevsky, Alex and Sutskever, Ilya and Salakhutdinov, Ruslan},
  journal={The Journal of Machine Learning Research},
  volume={15},
  number={1},
  pages={1929--1958},
  year={2014},
  publisher={JMLR. org}
}

% Label smoothing
@inproceedings{szegedy2016rethinking,
  title={Rethinking the Inception Architecture for Computer Vision},
  author={Szegedy, Christian and Vanhoucke, Vincent and Ioffe, Sergey and Shlens, Jon and Wojna, Zbigniew},
  booktitle={Proceedings of the {IEEE} Conference on Computer Vision and Pattern Recognition, {CVPR}},
  pages={2818--2826},
  year={2016}
}

% weight decay
@inproceedings{krogh1992simple,
  title={A Simple Weight Decay Can Improve Generalization},
  author={Krogh, Anders and Hertz, John A},
  booktitle={Advances in Neural Information Processing Systems},
  pages={950--957},
  year={1992}
}

% HAN
@inproceedings{yang2016hierarchical,
  title={Hierarchical attention networks for document classification},
  author={Yang, Zichao and Yang, Diyi and Dyer, Chris and He, Xiaodong and Smola, Alex and Hovy, Eduard},
  booktitle={Proceedings of the 2016 conference of the North American chapter of the association for computational linguistics: human language technologies},
  pages={1480--1489},
  year={2016}
}

% Transformer
@inproceedings{vaswani2017attention,
  title={Attention is all you need},
  author={Vaswani, Ashish and Shazeer, Noam and Parmar, Niki and Uszkoreit, Jakob and Jones, Llion and Gomez, Aidan N and Kaiser, {\L}ukasz and Polosukhin, Illia},
  booktitle={Advances in neural information processing systems},
  pages={5998--6008},
  year={2017}
}

% BERT
@inproceedings{devlin2019bert,
  title={BERT: Pre-training of Deep Bidirectional Transformers for Language Understanding},
  author={Devlin, Jacob and Chang, Ming-Wei and Lee, Kenton and Toutanova, Kristina},
  booktitle={Proceedings of the 2019 Conference of the North American Chapter of the Association for Computational Linguistics: Human Language Technologies, Volume 1 (Long and Short Papers)},
  pages={4171--4186},
  year={2019}
}

% Ensemble
@article{opitz1999popular,
  title={Popular ensemble methods: An empirical study},
  author={Opitz, David and Maclin, Richard},
  journal={Journal of artificial intelligence research},
  volume={11},
  pages={169--198},
  year={1999}
}

% Deep Ensemble
@inproceedings{lakshminarayanan2017simple,
  title={Simple and Scalable Predictive Uncertainty Estimation using Deep Ensembles},
  author={Lakshminarayanan, Balaji and Pritzel, Alexander and Blundell, Charles},
  booktitle={Advances in Neural Information Processing Systems},
  volume={30},
  year={2017}
}

% Scheduler
@inproceedings{loshchilov2017sgdr,
  title={{SGDR}: Stochastic Gradient Descent with Warm Restarts},
  author={Loshchilov, Ilya and Hutter, Frank},
  booktitle={International Conference on Learning Representations},
  year={2017}
}

% t-SNE
@article{van2008visualizing,
  title={Visualizing Data using t-{SNE}},
  author={Van der Maaten, Laurens and Hinton, Geoffrey},
  journal={Journal of machine learning research},
  volume={9},
  number={11},
  year={2008}
}
